<?xml version="1.0" encoding="UTF-8"?><collection><record><leader>06691ntm a2200601 a 4500</leader><controlfield tag="001">006815236</controlfield><controlfield tag="003">MiAaHDL</controlfield><controlfield tag="005">20190719000000.0</controlfield><controlfield tag="006">m        d        </controlfield><controlfield tag="007">cr bn ---auaua</controlfield><controlfield tag="008">090610q18301850xx            ||| | ara d</controlfield><datafield tag="035" ind1=" " ind2=" "><subfield code="a">(MiU)006815236</subfield></datafield><datafield tag="035" ind1=" " ind2=" "><subfield code="a">sdr-miu006815236</subfield></datafield><datafield tag="040" ind1=" " ind2=" "><subfield code="a">MiU</subfield><subfield code="c">MiU</subfield><subfield code="e">amremm</subfield></datafield><datafield tag="043" ind1=" " ind2=" "><subfield code="a">n-us-mi</subfield></datafield><datafield tag="100" ind1="1" ind2=" "><subfield code="6">880-01</subfield><subfield code="a">Zawzanī, Ḥusayn ibn Aḥmad,</subfield><subfield code="d">-1093 or 1094.</subfield></datafield><datafield tag="245" ind1="1" ind2="0"><subfield code="6">880-03</subfield><subfield code="a">Sharḥ al-Mu‘allaqāt,</subfield><subfield code="f">[19th century].</subfield></datafield><datafield tag="246" ind1="3" ind2=" "><subfield code="6">880-04</subfield><subfield code="a">شرح المعلقات السبع</subfield></datafield><datafield tag="246" ind1="3" ind2=" "><subfield code="i">Title from label on flap of enclosure:</subfield><subfield code="a">هذا شرح الزوزني على قصيدة امرء القيس احد المعلقات</subfield></datafield><datafield tag="260" ind1=" " ind2=" "><subfield code="c">[1830-1850?].</subfield></datafield><datafield tag="300" ind1=" " ind2=" "><subfield code="a">146 leaves :</subfield><subfield code="b">paper ;</subfield><subfield code="c">247 x 173 (164 x 95) mm.</subfield></datafield><datafield tag="500" ind1=" " ind2=" "><subfield code="a">Shelfmark: Ann Arbor, University of Michigan, Special Collections Library, Isl. Ms. 643</subfield></datafield><datafield tag="500" ind1=" " ind2=" "><subfield code="a">Origin: Lacks dated colophon ; paper, hand, etc. would suggest early to mid 19th century.</subfield></datafield><datafield tag="500" ind1=" " ind2=" "><subfield code="a">Accompanying materials: a. Inventory cataloguing slip in hand of Winifred Smeaton Thomas (pp.1-2) -- b. Acquisitions slip from Yahuda (pp.3-4).</subfield></datafield><datafield tag="500" ind1=" " ind2=" "><subfield code="a">Former shelfmark: From 'title page' (p.5), label on 'spine' edge of enclosure, and interior of enclosure flap "IL 199" (likely supplied by Yahuda, see acquisitions slip).</subfield></datafield><datafield tag="500" ind1=" " ind2=" "><subfield code="a">Binding: Unbound gatherings housed in custom enclosure resembling a sort of flexible slipcase or pouch ; enclosure consists of upper and lower boards covered in block-printed paper (repeated floral motifs in pink and black on a yellow ground) and lined in recycled printed 'waste' with limp tan leather joining the two boards and covering the head, spine and fore edge ; a sturdy flap (consisting of tail edge flap, carrying a title inscription, and envelope flap) with leather pull covers the tail and slips inside the enclosure ; no evidence that textblock was ever sewn (no stations, threads, etc.) ; overall in somewhat poor condition with lifting and losses of leather, abrasion, staining, delamination of boards, etc.</subfield></datafield><datafield tag="500" ind1=" " ind2=" "><subfield code="a">Support: European laid paper of two main types (possibly associated via the same maker) ; one type with 6 laid lines per cm. (vertical), chain lines spaced 27-28 mm. apart (horizontal), and watermarks of crescent moon with face in shield (see p.30, 39, etc.) and "T S" (see p.14, 15, etc.) ; another type with 7 laid lines per cm. (vertical), chain lines spaced 26-27 mm. apart (horizontal), and watermarks of three crescents with faces (81 mm. long, perpendicular to chains, see p.8, 21, etc.) and "L A F" under double-headed eagle with wings spread and dagger in each talon (see p.6, 12, 17, 23, etc. and compare nos. 1054 and 1058 in Nikolaev, Watermarks of the Ottoman Empire, vol.1 ; see also p.88 in Walz, "The paper trade of Egypt and the Sudan in the eighteenth and nineteenth centuries") ; all light cream in color, well-burnished to glossy and fairly crisp though sturdy ; staining and tears (more wear at head edge).</subfield></datafield><datafield tag="500" ind1=" " ind2=" "><subfield code="a">Decoration: Text being commented upon rubricated ; written area surrounded by red double rule-border.</subfield></datafield><datafield tag="500" ind1=" " ind2=" "><subfield code="a">Script: Naskh ; bold, elegant Egyptian [?] hand ; mainly serifless though small head-serif appears on occasional free-standing alif, slight effect of tilt to the left, elongation of horizontal strokes, casually pointed with two and three dots often strokes rather than distinct dots, alif maqṣūrah pointed as yāʼ, quite rounded with curvilinear descenders.</subfield></datafield><datafield tag="500" ind1=" " ind2=" "><subfield code="a">Layout: Written in 21 lines per page ; frame-ruled.</subfield></datafield><datafield tag="500" ind1=" " ind2=" "><subfield code="a">Collation: 14 V(140), III (146) ; almost exclusively quinions ; quire numbering in the form of Hindu-Arabic numerals accompanied by ك (upper outer corner of the recto of the opening leaf of each quire) ; catchwords present (verso of each leaf) ; pagination in pencil, Western numerals, supplied during digitization (includes inserts).</subfield></datafield><datafield tag="500" ind1=" " ind2=" "><subfield code="a">Explicit: "هذا الموضع الغنا عنا اي بلغ الغاية يريد عمرو ابن هند وانه شهد عناهم هذا اليوم تمت قصيدة الحارث بحمد الله وعونه واختتمت القصائد السبع برواية الامام الزوزني رحمه الله تعالى وصلى الله على سيدنا محمد وعلى اله وصحبه وسلم"</subfield></datafield><datafield tag="500" ind1=" " ind2=" "><subfield code="a">Incipit: "الحمد لله رب العالمين وصلواته وسلامه على خير خلقه محمد واله اجمعين قال القاضي الامام السيد ابو عبد الله الحسين ابن احمد الزوزني رحمه الله هذا شرح القصائد السبع امليته على حد الايجاز والاختصار على حسب ما اقترح علي مستعينا بالله على اتمامه وعليه توكلت ..."</subfield></datafield><datafield tag="500" ind1=" " ind2=" "><subfield code="a">Title from inscription on 'title page' (p.5).</subfield></datafield><datafield tag="500" ind1=" " ind2=" "><subfield code="a">Ms. gatherings.</subfield></datafield><datafield tag="510" ind1="4" ind2=" "><subfield code="a">Walz, Terence. "The paper trade of Egypt and the Sudan in the eighteenth and nineteenth centuries and its re-export to the Bilad as-Sudan." In The trans-Saharan book trade: manuscript culture, Arabic literacy, and intellectual history in Muslim Africa. Graziano Krätli and Ghislaine Lydon, Eds. (Leiden : Brill, 2011):</subfield><subfield code="c">73-108.</subfield></datafield><datafield tag="510" ind1="4" ind2=" "><subfield code="a">Nikolaev, Vsevolod. Watermarks of the mediaeval Ottoman documents in Bulgarian libraries. In Watermarks of the Ottoman Empire, volume 1. Sofia: Bulgarian Academy of Sciences, 1954.</subfield></datafield><datafield tag="510" ind1="4" ind2=" "><subfield code="a">Lecomte, G. "al-Muʻallaḳāt." EI2,</subfield><subfield code="c">vol. VII, p. 254, col. 1</subfield></datafield><datafield tag="510" ind1="4" ind2=" "><subfield code="a">Brit. Mus. Suppl.,</subfield><subfield code="c">1029</subfield></datafield><datafield tag="510" ind1="4" ind2=" "><subfield code="a">Ḥājjī Khalīfah. Kashf al-ẓunūn,</subfield><subfield code="c">v 635</subfield></datafield><datafield tag="510" ind1="4" ind2=" "><subfield code="a">Brockelmann, C. GAL,</subfield><subfield code="c">I 18 ; I 288 (no.3)</subfield></datafield><datafield tag="520" ind1="8" ind2=" "><subfield code="a">Fine copy of the commentary on al-Muʻallaqāt, the renowned collection of pre-Islamic Arabic poems, generally numbered at seven.</subfield></datafield><datafield tag="538" ind1=" " ind2=" "><subfield code="a">Mode of access: Internet.</subfield></datafield><datafield tag="541" ind1=" " ind2=" "><subfield code="a">Acquired in 1926 from the bookseller Isaac Benjamin S.E. Yahuda via purchase transacted on his behalf by Abraham Shalom Yahuda (1877-1951), his younger brother.</subfield></datafield><datafield tag="546" ind1=" " ind2=" "><subfield code="a">Arabic.</subfield></datafield><datafield tag="561" ind1=" " ind2=" "><subfield code="a">Occasional corrections.</subfield></datafield><datafield tag="630" ind1="0" ind2="0"><subfield code="a">Muʻallaqāt</subfield><subfield code="x">Criticism, Textual</subfield><subfield code="v">Early works to 1800.</subfield></datafield><datafield tag="650" ind1=" " ind2="0"><subfield code="a">Manuscripts, Arabic</subfield><subfield code="z">Michigan</subfield><subfield code="z">Ann Arbor.</subfield></datafield><datafield tag="650" ind1=" " ind2="0"><subfield code="a">Arabic poetry</subfield><subfield code="y">To 622</subfield><subfield code="x">History and criticism</subfield><subfield code="v">Early works to 1800.</subfield></datafield><datafield tag="773" ind1="0" ind2=" "><subfield code="a">Yahuda Collection.</subfield></datafield><datafield tag="880" ind1="3" ind2=" "><subfield code="6">246-04/</subfield><subfield code="a">Sharḥ al-Muʻallaqāt al-sabʻ</subfield></datafield><datafield tag="880" ind1="1" ind2="0"><subfield code="6">245-03/</subfield><subfield code="a">شرح المعلقات,</subfield><subfield code="f">[القرن 19م].</subfield></datafield><datafield tag="880" ind1="1" ind2=" "><subfield code="6">100-01/</subfield><subfield code="a">زوزني، حسين بن احمد.</subfield></datafield><datafield tag="CID" ind1=" " ind2=" "><subfield code="a">006815236</subfield></datafield><datafield tag="DAT" ind1="0" ind2=" "><subfield code="a">20190719102639.0</subfield><subfield code="b">20190719000000.0</subfield></datafield><datafield tag="DAT" ind1="1" ind2=" "><subfield code="a">20190719090653.0</subfield><subfield code="b">2019-07-19T16:11:50Z</subfield></datafield><datafield tag="DAT" ind1="2" ind2=" "><subfield code="a">2015-10-02T18:00:03Z</subfield></datafield><datafield tag="CAT" ind1=" " ind2=" "><subfield code="a">SDR-MIU</subfield><subfield code="d">EX LIBRIS - ALEPH</subfield><subfield code="l">prepare.pl-004-008</subfield></datafield><datafield tag="FMT" ind1=" " ind2=" "><subfield code="a">BK</subfield></datafield><datafield tag="HOL" ind1=" " ind2=" "><subfield code="0">sdr-miu006815236</subfield><subfield code="a">MiU</subfield><subfield code="b">SDR</subfield><subfield code="c">MIU</subfield><subfield code="p">mdp.39015079129345</subfield><subfield code="s">MIU</subfield><subfield code="1">006815236</subfield></datafield><datafield tag="974" ind1=" " ind2=" "><subfield code="b">MIU</subfield><subfield code="c">MIU</subfield><subfield code="d">20190719</subfield><subfield code="s">lit-dlps-dc</subfield><subfield code="u">mdp.39015079129345</subfield><subfield code="y">1850</subfield><subfield code="r">pd</subfield><subfield code="q">bib</subfield><subfield code="t">non-US bib date2 &lt; 1879</subfield></datafield></record></collection>